<record><leader>00000cas a22000007a 4500</leader><controlfield tag="001">11764575</controlfield><controlfield tag="008">850305d18721878wiuwr ne      0    0eng d</controlfield><datafield ind1=" " ind2=" " tag="010"><subfield code="a">sn 85033205 </subfield></datafield><datafield ind1=" " ind2=" " tag="040"><subfield code="a">NPU</subfield><subfield code="b">eng</subfield><subfield code="c">NPU</subfield><subfield code="d">NPV</subfield><subfield code="d">OCLCQ</subfield></datafield><datafield ind1=" " ind2=" " tag="042"><subfield code="a">msc</subfield></datafield><datafield ind1="0" ind2="4" tag="245"><subfield code="a">The Omro weekly journal.</subfield></datafield><datafield ind1="1" ind2="3" tag="246"><subfield code="a">Weekly journal</subfield></datafield><datafield ind1=" " ind2=" " tag="260"><subfield code="a">Omro, Wis. :</subfield><subfield code="b">Geo. S. Kaime,</subfield><subfield code="c">-1878.</subfield></datafield><datafield ind1=" " ind2=" " tag="300"><subfield code="a">v. ;</subfield><subfield code="c">65 cm.</subfield></datafield><datafield ind1=" " ind2=" " tag="310"><subfield code="a">Weekly</subfield></datafield><datafield ind1="0" ind2=" " tag="362"><subfield code="a">-v. [14], no. 3 (Oct. 31, 1878).</subfield></datafield><datafield ind1="1" ind2=" " tag="362"><subfield code="a">Began in 1872.</subfield><subfield code="z">Cf. NIM, 1973.</subfield></datafield><datafield ind1=" " ind2=" " tag="500"><subfield code="a">Publisher varies.</subfield></datafield><datafield ind1=" " ind2=" " tag="580"><subfield code="a">Absorbed: Day's doings, Sept. 28, 1890.</subfield></datafield><datafield ind1=" " ind2=" " tag="588"><subfield code="a">Description based on: Vol. 8, no. 21 (Mar. 14, 1873).</subfield></datafield><datafield ind1=" " ind2=" " tag="752"><subfield code="a">United States</subfield><subfield code="b">Wisconsin</subfield><subfield code="c">Winnebago</subfield><subfield code="d">Omro.</subfield></datafield><datafield ind1="1" ind2="5" tag="780"><subfield code="t">Day's doings</subfield><subfield code="w">(DLC)sn 85041025</subfield></datafield><datafield ind1="0" ind2="0" tag="785"><subfield code="t">Omro journal</subfield><subfield code="w">(DLC)sn 85040996</subfield></datafield></record>